<collection xmlns="http://www.loc.gov/MARC21/slim">
<record>
  <leader>00900nam0a22002411i 450 </leader>
  <controlfield tag="001">IT\ICCU\CNCE\049106</controlfield>
  <controlfield tag="005">20060707000000.0</controlfield>
  <datafield tag="100" ind1=" " ind2=" ">
    <subfield code="a">19991006d1518        0itac0103    ba</subfield>
  </datafield>
  <datafield tag="101" ind1=" " ind2=" ">
    <subfield code="a">LAT</subfield>
  </datafield>
  <datafield tag="102" ind1=" " ind2=" ">
    <subfield code="a">IT</subfield>
  </datafield>
  <datafield tag="200" ind1="1" ind2=" ">
    <subfield code="a">Super libris de generatione et corruptione</subfield>
  </datafield>
  <datafield tag="210" ind1=" " ind2=" ">
    <subfield code="a">Venetiis</subfield>
    <subfield code="d">1518</subfield>
  </datafield>
  <datafield tag="215" ind1=" " ind2=" ">
    <subfield code="a">4ʻ</subfield>
  </datafield>
  <datafield tag="300" ind1=" " ind2=" ">
    <subfield code="a">Annullata. Cfr. CNC18009</subfield>
  </datafield>
  <datafield tag="620" ind1=" " ind2=" ">
    <subfield code="a">IT</subfield>
    <subfield code="d">Venezia</subfield>
  </datafield>
  <datafield tag="700" ind1=" " ind2="0">
    <subfield code="a">Marsilius</subfield>
    <subfield code="c"> : van#Inghen</subfield>
    <subfield code="3">IT\ICCU\CNCA\004988</subfield>
  </datafield>
  <datafield tag="712" ind1="0" ind2="2">
    <subfield code="a">s.n.</subfield>
    <subfield code="3">IT\ICCU\CNCT\000002</subfield>
    <subfield code="4">650</subfield>
  </datafield>
  <datafield tag="790" ind1=" " ind2="1">
    <subfield code="a">Ingenuus,</subfield>
    <subfield code="b">Marsilius</subfield>
    <subfield code="3">IT\ICCU\CNCA\021164</subfield>
    <subfield code="z">Marsilius : van#Inghen</subfield>
  </datafield>
  <datafield tag="790" ind1=" " ind2="1">
    <subfield code="a">Inghen,</subfield>
    <subfield code="b">Marsilius : von</subfield>
    <subfield code="3">IT\ICCU\CNCA\021166</subfield>
    <subfield code="z">Marsilius : van#Inghen</subfield>
  </datafield>
  <datafield tag="790" ind1=" " ind2="1">
    <subfield code="a">Inguen,</subfield>
    <subfield code="b">Marsilius</subfield>
    <subfield code="3">IT\ICCU\CNCA\021167</subfield>
    <subfield code="z">Marsilius : van#Inghen</subfield>
  </datafield>
  <datafield tag="790" ind1=" " ind2="0">
    <subfield code="a">Marsilius</subfield>
    <subfield code="3">IT\ICCU\CNCA\021169</subfield>
    <subfield code="z">Marsilius : van#Inghen</subfield>
  </datafield>
  <datafield tag="801" ind1=" " ind2="3">
    <subfield code="a">IT</subfield>
    <subfield code="b">ICCU</subfield>
    <subfield code="c">20201115</subfield>
  </datafield>
  <datafield tag="899" ind1=" " ind2=" ">
    <subfield code="a">Biblioteca comunale Salvatore Quasimodo. Modica</subfield>
    <subfield code="1">RG0007</subfield>
    <subfield code="2">ZRG 01</subfield>
  </datafield>
</record>
</collection>
